@article{ref:show-attend-tell,
  author    = {Kelvin Xu and
               Jimmy Ba and
               Ryan Kiros and
               Kyunghyun Cho and
               Aaron C. Courville and
               Ruslan Salakhutdinov and
               Richard S. Zemel and
               Yoshua Bengio},
  title     = {Show, Attend and Tell: Neural Image Caption Generation with Visual Attention},
  journal   = {CoRR},
  year      = {2015},
  url       = {http://arxiv.org/abs/1502.03044}
}

@article{ref:act,
	title = {Adaptive {Computation} {Time} for {Recurrent} {Neural} {Networks}},
	url = {http://arxiv.org/abs/1603.08983},
	language = {en},
	urldate = {2018-09-11},
	journal = {arXiv:1603.08983 [cs]},
	author = {Graves, Alex},
	month = mar,
	year = {2016},
	note = {arXiv: 1603.08983},
	keywords = {Computer Science - Neural and Evolutionary Computing},
}

@article{ref:ram,
	title = {Recurrent Models of Visual Attention},
	url = {http://arxiv.org/abs/1406.6247},
	journaltitle = {{arXiv}:1406.6247 [cs, stat]},
	author = {Mnih, Volodymyr and Heess, Nicolas and Graves, Alex and Kavukcuoglu, Koray},
	urldate = {2018-09-11},
	date = {2014-06-24},
	langid = {english},
	eprinttype = {arxiv},
	eprint = {1406.6247},
	keywords = {Computer Science - Computer Vision and Pattern Recognition, Computer Science - Machine Learning, Statistics - Machine Learning},
	file = {Mnih et al. - 2014 - Recurrent Models of Visual Attention.pdf:/home/erik/docs/papers/att/Mnih et al. - 2014 - Recurrent Models of Visual Attention.pdf:application/pdf}
}
